@incollection{paugammoisy:hal-01587781,
    TITLE = {{Computing with Spiking Neuron Networks}},
    AUTHOR = {Paugam-Moisy, H{\'e}l{\`e}ne and Bohte, Sander M.},
    URL = {https://hal.archives-ouvertes.fr/hal-01587781},
    BOOKTITLE = {{Handbook of Natural Computing}},
    HAL_LOCAL_REFERENCE = {4305},
    EDITOR = {G. Rozenberg and T. Back and J. Kok},
    PUBLISHER = {{Springer-Verlag}},
    PAGES = {335-376},
    YEAR = {2012},
    MONTH = Sep,
    DOI = {10.1007/978-3-540-92910-9\_10},
    HAL_ID = {hal-01587781},
    HAL_VERSION = {v1},
}

@article {PMID:22237491,
	Title = {Introduction to spiking neural networks: Information processing, learning and applications},
	Author = {Ponulak, Filip and Kasinski, Andrzej},
	Number = {4},
	Volume = {71},
	Year = {2011},
	Journal = {Acta neurobiologiae experimentalis},
	ISSN = {0065-1400},
	Pages = {409â€”433},
	URL = {http://europepmc.org/abstract/MED/22237491}
}